<?xml version="1.0" encoding="UTF-8"?><record xmlns="http://www.loc.gov/MARC21/slim" xmlns:cinclude="http://apache.org/cocoon/include/1.0" xmlns:zs="http://www.loc.gov/zing/srw/">
  <leader>00355nz  a2200133n  4500</leader>
  <controlfield tag="001">no2007109226</controlfield>
  <controlfield tag="003">DLC</controlfield>
  <controlfield tag="005">20070919075250.0</controlfield>
  <controlfield tag="008">070914n| acannaabn          |n ana     c</controlfield>
  <datafield tag="010" ind1=" " ind2=" ">
    <subfield code="a">no2007109226</subfield>
  </datafield>
  <datafield tag="035" ind1=" " ind2=" ">
    <subfield code="a">(OCoLC)oca07524765</subfield>
  </datafield>
  <datafield tag="040" ind1=" " ind2=" ">
    <subfield code="a">MsU</subfield>
    <subfield code="b">eng</subfield>
    <subfield code="c">MsU</subfield>
  </datafield>
  <datafield tag="110" ind1="2" ind2=" ">
    <subfield code="a">Illustra Media (Firm)</subfield>
  </datafield>
  <datafield tag="670" ind1=" " ind2=" ">
    <subfield code="a">The case for a creator, c2006 :</subfield>
    <subfield code="b">credits (Illustra Media)</subfield>
  </datafield>
</record>